<record><leader>00000cas a22000007a 4500</leader><controlfield tag="001">13439445</controlfield><controlfield tag="008">860416d19071910nvuwr ne      0    0eng d</controlfield><datafield ind1=" " ind2=" " tag="010"><subfield code="a">sn 86076013 </subfield></datafield><datafield ind1=" " ind2=" " tag="040"><subfield code="a">NNX</subfield><subfield code="b">eng</subfield><subfield code="c">NNX</subfield><subfield code="d">UNP</subfield><subfield code="d">NNX</subfield><subfield code="d">OCL</subfield><subfield code="d">OCLCQ</subfield></datafield><datafield ind1=" " ind2=" " tag="042"><subfield code="a">msc</subfield></datafield><datafield ind1=" " ind2="4" tag="050"><subfield code="a">AN2.N3</subfield><subfield code="b">R49</subfield></datafield><datafield ind1="0" ind2=" " tag="130"><subfield code="a">Reveille (Reno, Nev.)</subfield></datafield><datafield ind1="1" ind2="4" tag="245"><subfield code="a">The Reveille.</subfield></datafield><datafield ind1=" " ind2=" " tag="260"><subfield code="a">Reno, Nev. :</subfield><subfield code="b">Reveille Pub. Co.,</subfield><subfield code="c">-1910.</subfield></datafield><datafield ind1=" " ind2=" " tag="300"><subfield code="a">v. :</subfield><subfield code="b">ill.</subfield></datafield><datafield ind1=" " ind2=" " tag="310"><subfield code="a">Weekly</subfield></datafield><datafield ind1="0" ind2=" " tag="362"><subfield code="a">-v. 3, no. 36 (Apr. 5, 1910).</subfield></datafield><datafield ind1="1" ind2=" " tag="362"><subfield code="a">Began with July 13, 1907 issue.</subfield><subfield code="z">Cf. Lingenfelter, R. Newspapers of Nev., 1854-1979.</subfield></datafield><datafield ind1=" " ind2=" " tag="525"><subfield code="a">Supplements accompany some issues.</subfield></datafield><datafield ind1=" " ind2=" " tag="588"><subfield code="a">Description based on: Vol. 1, no. 5 (Aug. 9, 1907).</subfield></datafield><datafield ind1=" " ind2=" " tag="752"><subfield code="a">United States</subfield><subfield code="b">Nevada</subfield><subfield code="c">Washoe</subfield><subfield code="d">Reno.</subfield></datafield><datafield ind1="0" ind2="0" tag="785"><subfield code="t">Reno, Nev. weekly</subfield><subfield code="w">(DLC)sn 86076012</subfield><subfield code="w">(OCoLC)13439881</subfield></datafield></record>